
@book{delfraissy_40_2023,
	address = {Paris},
	title = {40 ans de bioéthique en {France}: le {Comité} consultatif national d'éthique, 1983-2023},
	isbn = {978-2-415-00537-5},
	shorttitle = {40 ans de bioéthique en {France}},
	language = {fre},
	publisher = {Odile Jacob},
	author = {Delfraissy, Jean-François and Didier, Emmanuel and Duée, Pierre-Henri},
	year = {2023},
}
